<record><leader>00000cas a22000007a 4500</leader><controlfield tag="001">13783622</controlfield><controlfield tag="008">860626d19731990gauwr ne      0   a0eng d</controlfield><datafield ind1=" " ind2=" " tag="010"><subfield code="a">sn 86001625 </subfield></datafield><datafield ind1=" " ind2=" " tag="040"><subfield code="a">NSD</subfield><subfield code="b">eng</subfield><subfield code="c">NSD</subfield><subfield code="d">NLG</subfield><subfield code="d">OCLCQ</subfield></datafield><datafield ind1=" " ind2=" " tag="012"><subfield code="j">0</subfield><subfield code="l">1</subfield></datafield><datafield ind1="1" ind2=" " tag="022"><subfield code="a">0889-0048</subfield><subfield code="l">0889-0048</subfield><subfield code="2">1</subfield></datafield><datafield ind1=" " ind2=" " tag="037"><subfield code="b">The News-Herald, P.O. Box 624, Blue Ridge, Ga. 30513</subfield></datafield><datafield ind1=" " ind2=" " tag="042"><subfield code="a">nsdp</subfield></datafield><datafield ind1="0" ind2=" " tag="130"><subfield code="a">News-herald (Blue Ridge, Ga.)</subfield></datafield><datafield ind1=" " ind2="4" tag="222"><subfield code="a">The News-herald</subfield><subfield code="b">(Blue Ridge, Ga.)</subfield></datafield><datafield ind1="1" ind2="4" tag="245"><subfield code="a">The news-herald.</subfield></datafield><datafield ind1=" " ind2=" " tag="260"><subfield code="a">Blue Ridge, Ga. :</subfield><subfield code="b">Thomas Pub. Co.</subfield></datafield><datafield ind1=" " ind2=" " tag="310"><subfield code="a">Weekly</subfield></datafield><datafield ind1="1" ind2=" " tag="362"><subfield code="a">Began in 1973? Ceased in Apr. 1990.</subfield></datafield><datafield ind1=" " ind2=" " tag="588"><subfield code="a">Description based on: Vol. 13, no. 32 (Thursday, June 12, 1986).</subfield></datafield><datafield ind1=" " ind2=" " tag="752"><subfield code="a">United States</subfield><subfield code="b">Georgia</subfield><subfield code="c">Fannin</subfield><subfield code="d">Blue Ridge.</subfield></datafield><datafield ind1="0" ind2="7" tag="785"><subfield code="t">Observer (Blue Ridge, Ga.)</subfield><subfield code="w">(DLC)sn 90052139</subfield></datafield><datafield ind1="0" ind2="7" tag="785"><subfield code="t">News observer (Blue Ridge, Ga.)</subfield><subfield code="w">(DLC)sn 91099149</subfield></datafield><datafield ind1="1" ind2=" " tag="029"><subfield code="a">AU@</subfield><subfield code="b">000025801833</subfield></datafield></record>